[gd_scene load_steps=4 format=2]

[ext_resource path="res://screens/game/game.gd" type="Script" id=1]
[ext_resource path="res://objects/board/board.png" type="Texture" id=2]
[ext_resource path="res://themes/test.tres" type="Theme" id=3]

[node name="game" type="Node2D"]
script = ExtResource( 1 )

[node name="board" type="Sprite" parent="."]
position = Vector2( 640, 360 )
z_index = -1
texture = ExtResource( 2 )
__meta__ = {
"_edit_lock_": true
}

[node name="game_over_dialog" type="PopupPanel" parent="."]
margin_left = 320.0
margin_top = 180.0
margin_right = 960.0
margin_bottom = 540.0
theme = ExtResource( 3 )
popup_exclusive = true
__meta__ = {
"_edit_group_": true
}

[node name="vbox" type="VBoxContainer" parent="game_over_dialog"]
margin_left = 4.0
margin_top = 4.0
margin_right = 636.0
margin_bottom = 356.0
size_flags_horizontal = 3
size_flags_vertical = 3

[node name="label" type="Label" parent="game_over_dialog/vbox"]
margin_right = 632.0
margin_bottom = 174.0
size_flags_horizontal = 3
size_flags_vertical = 3
text = "Lorem ipsum dolor sit amet, consectetur adipiscing elit."
align = 1
valign = 1
autowrap = true

[node name="hbox" type="HBoxContainer" parent="game_over_dialog/vbox"]
margin_top = 178.0
margin_right = 632.0
margin_bottom = 352.0
size_flags_horizontal = 3
size_flags_vertical = 3

[node name="play_again" type="Button" parent="game_over_dialog/vbox/hbox"]
margin_right = 314.0
margin_bottom = 174.0
mouse_default_cursor_shape = 2
size_flags_horizontal = 3
size_flags_vertical = 3
text = "Play Again"

[node name="exit" type="Button" parent="game_over_dialog/vbox/hbox"]
margin_left = 318.0
margin_right = 632.0
margin_bottom = 174.0
mouse_default_cursor_shape = 2
size_flags_horizontal = 3
size_flags_vertical = 3
text = "Exit"
[connection signal="pressed" from="game_over_dialog/vbox/hbox/play_again" to="." method="_on_play_again_pressed"]
[connection signal="pressed" from="game_over_dialog/vbox/hbox/exit" to="." method="_on_exit_pressed"]
